<marc:record>
        <marc:leader>04713cam a2200529 i 4500</marc:leader>
        <marc:controlfield tag="001">430658</marc:controlfield>
        <marc:controlfield tag="005">20130621103309.0</marc:controlfield>
        <marc:controlfield tag="008">940119s1795    enk           000 1 eng d</marc:controlfield>
        <marc:datafield ind1=" " ind2=" " tag="035">
            <marc:subfield code="a">(CStRLIN)PAUGEAX1950-B</marc:subfield></marc:datafield>
        <marc:datafield ind1=" " ind2=" " tag="035">
            <marc:subfield code="9">EAX1950</marc:subfield>
        </marc:datafield>
        <marc:datafield ind1=" " ind2=" " tag="035">
            <marc:subfield code="a">1796495</marc:subfield>
        </marc:datafield>
        <marc:datafield ind1=" " ind2=" " tag="035">
            <marc:subfield code="a">(END)sm_pr4149_B9_E6_1795</marc:subfield>
        </marc:datafield>
        <marc:datafield ind1=" " ind2=" " tag="035">
            <marc:subfield code="a">(MediadbVoyBIBID)430658</marc:subfield>
        </marc:datafield>
        <marc:datafield ind1=" " ind2=" " tag="040">
            <marc:subfield code="a">PU</marc:subfield>
            <marc:subfield code="c">PU</marc:subfield>
        </marc:datafield>
        <marc:datafield ind1="1" ind2=" " tag="100">
            <marc:subfield code="a">Bolas, Thomas.</marc:subfield>
        </marc:datafield>
        <marc:datafield ind1="1" ind2="4" tag="245">
            <marc:subfield code="a">The English merchant, or, The fatal effects of speculation in the funds /</marc:subfield>
            <marc:subfield code="c">by Thomas Bolas.</marc:subfield>
        </marc:datafield>
        <marc:datafield ind1=" " ind2=" " tag="246">
            <marc:subfield code="a">The english merchant.</marc:subfield>
            <marc:subfield code="d">Letter-press</marc:subfield>
            <marc:subfield code="g">Half</marc:subfield>
            <marc:subfield code="x">Work</marc:subfield>
            <marc:subfield code="v">v.1</marc:subfield>
            <marc:subfield code="v">v.2</marc:subfield>
        </marc:datafield>
        <marc:datafield ind1=" " ind2=" " tag="246">
            <marc:subfield code="a">The english merchant: or the fatal effects of speculation in the funds: a novel, by Thomas Bolas. In two volumes. Vol. I.</marc:subfield>
            <marc:subfield code="d">Letter-press</marc:subfield>
            <marc:subfield code="g">Full</marc:subfield>
            <marc:subfield code="x">Volume</marc:subfield>
            <marc:subfield code="v">v.1</marc:subfield>
        </marc:datafield>
        <marc:datafield ind1=" " ind2=" " tag="246">
            <marc:subfield code="a">The english merchant: or the fatal effects of speculation in the funds: a novel, by Thomas Bolas. In two volumes. Vol. II.</marc:subfield>
            <marc:subfield code="d">Letter-press</marc:subfield>
            <marc:subfield code="g">Full</marc:subfield>
            <marc:subfield code="x">Volume</marc:subfield>
            <marc:subfield code="v">v.2</marc:subfield>
        </marc:datafield>
        <marc:datafield ind1="0" ind2="7" tag="246">
            <marc:subfield code="a">The english merchant</marc:subfield>
            <marc:subfield code="v">v.1</marc:subfield>
            <marc:subfield code="v">v.2</marc:subfield>
        </marc:datafield>
        <marc:datafield ind1="0" ind2="7" tag="246">
            <marc:subfield code="a">The english merchant (verso)</marc:subfield>
            <marc:subfield code="a">The english merchant (recto)</marc:subfield>
            <marc:subfield code="v">v.1</marc:subfield>
            <marc:subfield code="v">v.2</marc:subfield>
        </marc:datafield>
        <marc:datafield ind1=" " ind2=" " tag="260">
            <marc:subfield code="a">London :</marc:subfield>
            <marc:subfield code="b">Printed for William Lane at the Minerva Press, Leadenhall-Street.</marc:subfield>
            <marc:subfield code="c">MDCCXCV (1795)</marc:subfield>
            <marc:subfield code="v">v.1</marc:subfield>
            <marc:subfield code="v">v.2</marc:subfield>
        </marc:datafield>
        <marc:datafield ind1=" " ind2=" " tag="300">
            <marc:subfield code="a">2 v. ;</marc:subfield>
            <marc:subfield code="c">16 cm.</marc:subfield>
            <marc:subfield code="x">Duodecimo</marc:subfield>
            <marc:subfield code="z">In two volumes</marc:subfield>
            <marc:subfield code="a">[2 v.]</marc:subfield>
        </marc:datafield>
        <marc:datafield ind1=" " ind2=" " tag="300">
            <marc:subfield code="a">[1-3], [1-3], [1]-260, [1-2]</marc:subfield>
            <marc:subfield code="v">v.1</marc:subfield>
        </marc:datafield>
        <marc:datafield ind1=" " ind2=" " tag="300">
            <marc:subfield code="a">[1]-286, [1-2]</marc:subfield>
            <marc:subfield code="v">v.2</marc:subfield>
        </marc:datafield>
        <marc:datafield ind1=" " ind2=" " tag="500">
            <marc:subfield code="a">On the full title pages of Vol. I and Vol. II, there are stamps that read &quot;Redwood Library, Newport, RI, Duplicate Sold.&quot; The stamp is in blue; beneath both blue stamps are stamps in red, also from the Redwood Library.</marc:subfield>
        </marc:datafield>
        <marc:datafield ind1="4" ind2=" " tag="510">
            <marc:subfield code="a">ESTC (RLIN)</marc:subfield>
            <marc:subfield code="c">N47801</marc:subfield>
        </marc:datafield>
        <marc:datafield ind1="4" ind2=" " tag="510">
            <marc:subfield code="a">English novel, 1770-1829,</marc:subfield>
            <marc:subfield code="c">1795:13</marc:subfield>
        </marc:datafield>
        <marc:datafield ind1="4" ind2=" " tag="510">
            <marc:subfield code="a">Block, A. Engl. novel (2nd ed.)</marc:subfield>
            <marc:subfield code="c">p. 24.</marc:subfield>
        </marc:datafield>
        <marc:datafield ind1=" " ind2=" " tag="520">
            <marc:subfield code="a">Dedication</marc:subfield>
            <marc:subfield code="b">Dedicated with all due deference and respect, to that very respectable body of men, the merchants and traders of the British Empire</marc:subfield>
            <marc:subfield code="c">Front</marc:subfield>
            <marc:subfield code="v">v.1</marc:subfield>
            <marc:subfield code="x">The dedication reads: Gentlemen, That the hasty production of two short months, the greater part of which has been engaged in the humble pursuits of my avocation, should afford leisure to the author to produce a work, in all points so correspondently just as to meet that encouragement it otherwise might have done, the candid judicious reader will allow could scarcely be expected; the idea that gave rise to the opinions thus humbly brought into notice, are the consequence of some little observation, and much feeling resulting purely from the interest I have in the prosperity of the state, and the happiness and independence of the commercial world, forming, as it does, so very efficient a part of it; if the original idea is rather slightly pursued, and extraneous matter introduced, in order to render it somewhat more agreeable to the younger part of my readers, and to make it, at the same time, interesting to the lovely and amiable part of the other sex, I trust the desire of so doing will excuse the deviation, it being intended only faintly to pourtray to the intelligent reader what has eventually carried misery into many truly respectable families.&quot;</marc:subfield>
        </marc:datafield>
        <marc:datafield ind1=" " ind2=" " tag="520">
            <marc:subfield code="a">To the reader</marc:subfield>
            <marc:subfield code="b">The author\'s address to the reader.</marc:subfield>
            <marc:subfield code="c">Front</marc:subfield>
            <marc:subfield code="v">v.1</marc:subfield>
            <marc:subfield code="x">Written in verse</marc:subfield>
            <marc:subfield code="x">The first few lines read: Necessitas non habet leges, -- Is an old maxim, much in point; -- Which many a noble mind obliges, -- When his affairs are out of joint: ... -- That like his shadow haunts the scene, -- Still ever constant on his sight, -- a plague as settled as the spleen, -- A sure companion every night.&quot;</marc:subfield>
        </marc:datafield>
        <marc:datafield ind1=" " ind2=" " tag="592">
            <marc:subfield code="a">Epistolary</marc:subfield>
            <marc:subfield code="x">The transcription of a will appears on p. 249-256 in Vol. I</marc:subfield>
        </marc:datafield>
        <marc:datafield ind1=" " ind2=" " tag="599">
            <marc:subfield code="a">Author (text)</marc:subfield>
            <marc:subfield code="b">Proper name</marc:subfield>
            <marc:subfield code="2">By Thomas Bolas</marc:subfield>
            <marc:subfield code="3">Title page (full)</marc:subfield>
            <marc:subfield code="5">Male</marc:subfield>
            <marc:subfield code="6">Male</marc:subfield>
            <marc:subfield code="v">v.1</marc:subfield>
            <marc:subfield code="v">v.2</marc:subfield>
        </marc:datafield>
        <marc:datafield ind1=" " ind2=" " tag="599">
            <marc:subfield code="a">Author (paratext)</marc:subfield>
            <marc:subfield code="b">Proper name</marc:subfield>
            <marc:subfield code="2">I have the honor to be, gentlemen, your most obedient very humble servant, Thomas Bolas.</marc:subfield>
            <marc:subfield code="3">Dedication</marc:subfield>
            <marc:subfield code="5">Male</marc:subfield>
            <marc:subfield code="6">Male</marc:subfield>
            <marc:subfield code="v">v.1</marc:subfield>
        </marc:datafield>
        <marc:datafield ind1=" " ind2="4" tag="650">
            <marc:subfield code="a">CHR 1795</marc:subfield>
        </marc:datafield>
        <marc:datafield ind1=" " ind2=" " tag="656">
            <marc:subfield code="a">Mixed genre</marc:subfield>
            <marc:subfield code="b">Back</marc:subfield>
            <marc:subfield code="c">Same publisher</marc:subfield>
            <marc:subfield code="v">v.1</marc:subfield>
            <marc:subfield code="x">Heading reads: Just published, printed at the Minerva-Press.</marc:subfield>
            <marc:subfield code="x">The first book advertised includes a review from March 1975 in the English Review.</marc:subfield>
        </marc:datafield>
        <marc:datafield ind1=" " ind2=" " tag="656">
            <marc:subfield code="a">Mixed genre</marc:subfield>
            <marc:subfield code="b">Back</marc:subfield>
            <marc:subfield code="c">Same publisher</marc:subfield>
            <marc:subfield code="v">v.2</marc:subfield>
            <marc:subfield code="x">Heading reads: &quot;Publications, printed at the Minerva-Press.&quot;</marc:subfield>
        </marc:datafield>
        <marc:datafield ind1=" " ind2=" " tag="700">
            <marc:subfield code="a">Bolas, Thomas</marc:subfield>
            <marc:subfield code="4">Author (text)</marc:subfield>
            <marc:subfield code="5">Authorized</marc:subfield>
        </marc:datafield>
        <marc:datafield ind1=" " ind2=" " tag="700">
            <marc:subfield code="a">Lane, William</marc:subfield>
            <marc:subfield code="d">-1814</marc:subfield>
            <marc:subfield code="4">Printed for</marc:subfield>
            <marc:subfield code="5">Authorized</marc:subfield>
        </marc:datafield>
        <marc:datafield ind1=" " ind2=" " tag="710">
            <marc:subfield code="a">Minerva Press</marc:subfield>
            <marc:subfield code="4">Printed by</marc:subfield>
            <marc:subfield code="5">Authorized</marc:subfield>
        </marc:datafield>
        <marc:datafield ind1="2" ind2=" " tag="710">
            <marc:subfield code="a">Early Novels</marc:subfield>
            <marc:subfield code="5">University of Pennsylvania</marc:subfield>
        </marc:datafield>
        <marc:datafield ind1="2" ind2=" " tag="710">
            <marc:subfield code="a">Collection of British and American Fiction, 1660-1830 (University of Pennsylvania)</marc:subfield>
        </marc:datafield>
        <marc:datafield ind1="0" ind2="1" tag="740">
            <marc:subfield code="a">English merchant.</marc:subfield>
        </marc:datafield>
        <marc:datafield ind1="0" ind2="1" tag="740">
            <marc:subfield code="a">Fatal effects of speculation in the funds.</marc:subfield>
        </marc:datafield>
        <marc:datafield ind1=" " ind2=" " tag="948">
            <marc:subfield code="a">jl</marc:subfield>
            <marc:subfield code="a">REPL 2/15/94</marc:subfield>
        </marc:datafield>
        <marc:datafield ind1=" " ind2=" " tag="989">
            <marc:subfield code="3">english</marc:subfield>
            <marc:subfield code="2">merchant</marc:subfield>
            <marc:subfield code="3">fatal</marc:subfield>
            <marc:subfield code="2">effect</marc:subfield>
            <marc:subfield code="2">speculation</marc:subfield>
            <marc:subfield code="2">fund</marc:subfield>
            <marc:subfield code="2">novel</marc:subfield>
            <marc:subfield code="5">Thomas Bolas</marc:subfield>
            <marc:subfield code="3">two</marc:subfield>
            <marc:subfield code="2">volume</marc:subfield>
        </marc:datafield>
        <marc:datafield ind1=" " ind2=" " tag="999">
            <marc:subfield code="a">ANS</marc:subfield>
            <marc:subfield code="b">6/17/13</marc:subfield>
            <marc:subfield code="c">Swarthmore College</marc:subfield>
            <marc:subfield code="d">ALV</marc:subfield>
        </marc:datafield>
    </marc:record>